@book{ryser1963,
  title={Combinatorial mathematics},
  author={Ryser, Herbert John},
  volume={14},
  year={1963},
  publisher={American Mathematical Soc.}
}

@article{valiant1979,
  title={The complexity of computing the permanent},
  author={Valiant, Leslie G},
  journal={Theoretical computer science},
  volume={8},
  number={2},
  pages={189--201},
  year={1979},
  publisher={Elsevier}
}

@book{knuth2005,
  title={The Art of Computer Programming, Volume 4, Fascicle 2: Generating All Tuples and Permutations},
  author={Knuth, Donald E},
  year={2005},
  publisher={Addison-Wesley Professional}
}

@book{arndt2010,
  title={Matters Computational: ideas, algorithms, source code},
  author={Arndt, J{\"o}rg},
  year={2010},
  publisher={Springer Science \& Business Media}
}

@article{glynn2010,
  title={The permanent of a square matrix},
  author={Glynn, David G},
  journal={European Journal of Combinatorics},
  volume={31},
  number={7},
  pages={1887--1891},
  year={2010},
  publisher={Elsevier}
}

@article{limacher2013,
  title={A new mean-field method suitable for strongly correlated electrons: Computationally facile antisymmetric products of nonorthogonal geminals},
  author={Limacher, Peter A and Ayers, Paul W and Johnson, Paul A and De Baerdemacker, Stijn and Van Neck, Dimitri and Bultinck, Patrick},
  journal={Journal of chemical theory and computation},
  volume={9},
  number={3},
  pages={1394--1401},
  year={2013},
  publisher={ACS Publications}
}

@article{carvalho2014,
  title = {The k-th derivatives of the immanent and the chi-symmetric power of an operator},
  author = {Sonia Carvalho and Pedro Freitas},
  journal = {The Electronic Journal of Linear Algebra},
  volume = {27},
  year = {2014},
  publisher = {University of Wyoming Libraries}
}

@article{johnson2017,
  title={Strategies for extending geminal-based wavefunctions: Open shells and beyond},
  author={Johnson, Paul A and Limacher, Peter A and Kim, Taewon D and Richer, Michael and Miranda-Quintana, Ram{\'o}n Alain and Heidar-Zadeh, Farnaz and Ayers, Paul W and Bultinck, Patrick and De Baerdemacker, Stijn and Van Neck, Dimitri},
  journal={Computational and Theoretical Chemistry},
  volume={1116},
  pages={207--219},
  year={2017},
  publisher={Elsevier}
}

@article{kim2021,
  title={Flexible ansatz for N-body configuration interaction},
  author={Kim, Taewon D and Miranda-Quintana, Ram{\'o}n Alain and Richer, Michael and Ayers, Paul W},
  journal={Computational and Theoretical Chemistry},
  volume={1202},
  pages={113187},
  year={2021},
  publisher={Elsevier}
}

@misc{wiki:permanent,
  author = "Wikipedia",
  title = "{Permanent (mathematics)}",
  howpublished = {\url{http://en.wikipedia.org/w/index.php?title=Permanent\%20(mathematics)&oldid=1046043878}},
}

@misc{wiki:computing,
  author = "Wikipedia",
  title = "{Computing the permanent}",
  howpublished = {\url{http://en.wikipedia.org/w/index.php?title=Computing\%20the\%20permanent&oldid=1037768944}},
}
