@book{ryser1963,
  title={Combinatorial mathematics},
  author={Ryser, Herbert John},
  volume={14},
  year={1963},
  publisher={American Mathematical Soc.}
}

@article{valiant1979,
  title={The complexity of computing the permanent},
  author={Valiant, Leslie G},
  journal={Theoretical computer science},
  volume={8},
  number={2},
  pages={189--201},
  year={1979},
  publisher={Elsevier}
}

@book{knuth2005,
  title={The Art of Computer Programming, Volume 4, Fascicle 2: Generating All Tuples and Permutations (Art of Computer Programming)},
  author={Knuth, Donald E},
  year={2005},
  publisher={Addison-Wesley Professional}
}

@article{glynn2010,
  title={The permanent of a square matrix},
  author={Glynn, David G},
  journal={European Journal of Combinatorics},
  volume={31},
  number={7},
  pages={1887--1891},
  year={2010},
  publisher={Elsevier}
}

@misc{wiki:permanent,
  author = "Wikipedia",
  title = "{Permanent (mathematics)} --- {W}ikipedia{,} The Free Encyclopedia",
  year = "2021",
  howpublished = {\url{http://en.wikipedia.org/w/index.php?title=Permanent\%20(mathematics)&oldid=1046043878}},
}

@misc{wiki:computing,
  author = "Wikipedia",
  title = "{Computing the permanent} --- {W}ikipedia{,} The Free Encyclopedia",
  year = "2021",
  howpublished = {\url{http://en.wikipedia.org/w/index.php?title=Computing\%20the\%20permanent&oldid=1037768944}},
}
